
@article{BleiEtAl2017VI,
  title={Variational inference: A review for statisticians},
  author={Blei, David M and Kucukelbir, Alp and McAuliffe, Jon D},
  journal={Journal of the American Statistical Association},
  number={just-accepted},
  year={2017},
  publisher={Taylor \& Francis}
}

@article{JordanEtAl1999VI,
	Author = {Jordan, MichaelI. and Ghahramani, Zoubin and Jaakkola, TommiS. and Saul, LawrenceK.},
	Journal = {Machine Learning},
	Number = {2},
	Pages = {183-233},
	Title = {An Introduction to Variational Methods for Graphical Models},
	Volume = {37},
	Year = {1999}}
    