%% This BibTeX bibliography file was created using BibDesk.
%% http://bibdesk.sourceforge.net/

%% Created for Bryan Eikema at 2018-02-28 12:58:43 +0100 


%% Saved with string encoding Unicode (UTF-8) 


@article{BengioEtAl2013:ST,
	Author = {Bengio, Yoshua and L{\'e}onard, Nicholas and Courville, Aaron},
	Date-Added = {2017-08-01 12:56:13 +0000},
	Date-Modified = {2017-08-01 12:56:23 +0000},
	Journal = {arXiv preprint arXiv:1308.3432},
	Title = {Estimating or propagating gradients through stochastic neurons for conditional computation},
	Year = {2013}}

@inproceedings{BuchbinderEtAl2013,
	Address = {New York, NY, USA},
	Author = {Buchbinder, Niv and Naor, Joseph (Seffi) and Schwartz, Roy},
	Booktitle = {Proceedings of the Forty-fifth Annual ACM Symposium on Theory of Computing},
	Date-Added = {2017-08-01 09:31:41 +0000},
	Date-Modified = {2017-08-01 09:32:18 +0000},
	Keywords = {approximation, cut, multiway, randomized, simplex},
	Pages = {535--544},
	Publisher = {ACM},
	Series = {STOC '13},
	Title = {Simplex Partitioning via Exponential Clocks and the Multiway Cut Problem},
	Url = {http://doi.acm.org/10.1145/2488608.2488675},
	Year = {2013},
	Bdsk-Url-1 = {http://doi.acm.org/10.1145/2488608.2488675},
	Bdsk-Url-2 = {http://dx.doi.org/10.1145/2488608.2488675}}

@article{MaddisonEtAl2017:Concrete,
	Author = {Chris J. Maddison and Andriy Mnih and Yee Whye Teh},
	Date-Added = {2017-08-01 09:26:18 +0000},
	Date-Modified = {2017-08-01 09:27:21 +0000},
	Journal = {International Conference on Learning Representations},
	Keywords = {reparameterisation},
	Title = {The Concrete Distribution: A Continous Relaxation of Discrete Random Variables},
	Year = {2017}}

@article{HavrylovEtAl2017,
	Author = {Havrylov, Serhii and Titov, Ivan},
	Date-Added = {2017-08-01 09:24:37 +0000},
	Date-Modified = {2017-08-01 09:24:37 +0000},
	Journal = {International Conference on Learning Representations - Workshop track},
	Keywords = {RL},
	Title = {Emergence of Language with Multi-Agent Games: Learning to Communicate with Sequence of Symbols},
	Year = {2017}}

@inproceedings{BalogEtAl2017:Gumbel,
	Author = {Matej Balog and Nilesh Tripuraneni and Zoubin Ghahramani and Adrian Weller},
	Booktitle = {34th International Conference on Machine Learning},
	Date-Added = {2017-08-01 09:20:59 +0000},
	Date-Modified = {2017-08-01 09:21:51 +0000},
	Keywords = {MC, MCMC, reparameterisation},
	Title = {Lost Relatives of the Gumbel Trick},
	Year = {2017}}

@article{JangEtAl2017:GumbelSoftmax,
	Author = {Eric Jang and Shixiang Gu and Ben Poole},
	Date-Added = {2017-08-01 08:38:49 +0000},
	Date-Modified = {2017-08-01 09:27:14 +0000},
	Journal = {International Conference on Learning Representations},
	Keywords = {reparameterisation},
	Title = {Categorical Reparameterization with Gumbel-Softmax},
	Year = {2017}}
