
@article{Dempster+77:EM,
	Author = {A. P. Dempster and N. M. Laird and D. B. Rubin},
	Journal = {Journal of the Royal Statistical Society},
	Number = {1},
	Pages = {1--38},
	Title = {Maximum likelihood from incomplete data via the EM algorithm},
	Volume = {39},
	Year = {1977}}


@article{Brown+1993:smt,
	Author = {Brown, Peter F. and Pietra, Vincent J. Della and Pietra, Stephen A. Della and Mercer, Robert L.},
	Journal = {Computational Linguistics},
	Month = jun,
	Number = {2},
	Pages = {263--311},
	Title = {The mathematics of statistical machine translation: parameter estimation},
	Volume = {19},
	Year = {1993}}
