
@article{Earley:1970,
	Author = {Earley, Jay},
	Journal = {Commun. ACM},
	Month = feb,
	Number = {2},
	Pages = {94--102},
	Title = {An Efficient Context-free Parsing Algorithm},
	Volume = {13},
	Year = {1970}}


@article{BarHillel+1961,
	Author = {Yehoshua Bar-Hillel and Micha A. Perles and Eli Shamir},
	Journal = {Zeitschrift f\"{u}r Phonetik, Sprachwissenschaft und Kommunikationsforschung},
	Number = {14},
	Pages = {143--172},
	Title = {On formal properties of simple phrase structure grammars},
	Year = {1961}}


@inproceedings{Billott+1989,
	Address = {Vancouver, British Columbia, Canada},
	Author = {Sylvie Billot and Bernard Lang},
	Booktitle = {Proceedings of the 27th Annual Meeting of the Association for Computational Linguistics},
	Month = {June},
	Pages = {143--151},
	Publisher = {Association for Computational Linguistics},
	Title = {The Structure of Shared Forests in Ambiguous Parsing},
	Year = {1989}}


@inproceedings{Dyer:2010:Bitext,
	Address = {Los Angeles, California},
	Author = {Dyer, Chris},
	Booktitle = {Human Language Technologies: The 2010 Annual Conference of the North American Chapter of the Association for Computational Linguistics},
	Month = {June},
	Pages = {263--266},
	Publisher = {Association for Computational Linguistics},
	Title = {Two monolingual parses are better than one (synchronous parse)},
	Year = {2010}}

@inproceedings{Dyer+2008:WLT,
	Address = {Columbus, Ohio},
	Author = {Dyer, Christopher and Muresan, Smaranda and Resnik, Philip},
	Booktitle = {Proceedings of ACL-08: HLT},
	Month = {June},
	Pages = {1012--1020},
	Publisher = {Association for Computational Linguistics},
	Title = {Generalizing Word Lattice Translation},
	Year = {2008}}
