
@article{Dempster+77:EM,
	Author = {A. P. Dempster and N. M. Laird and D. B. Rubin},
	Journal = {Journal of the Royal Statistical Society},
	Number = {1},
	Pages = {1--38},
	Title = {Maximum likelihood from incomplete data via the EM algorithm},
	Volume = {39},
	Year = {1977}}


@inbook{Neal+1998:EM,
	Address = {Dordrecht},
	Author = {Neal, Radford M. and Hinton, Geoffrey E.},
	Editor = {Jordan, Michael I.},
	Pages = {355--368},
	Publisher = {Springer Netherlands},
	Title = {A View of the Em Algorithm that Justifies Incremental, Sparse, and other Variants},
	Year = {1998}}


@inproceedings{Salakhutdinov+2003:ECG,
	Author = {Salakhutdinov, Ruslan and Roweis, Sam and Ghahramani, Zoubin},
	Booktitle = {Proceedings of the Twentieth International Conference on International Conference on Machine Learning},
	Pages = {672--679},
	Publisher = {AAAI Press},
	Series = {ICML'03},
	Title = {Optimization with EM and Expectation-conjugate-gradient},
	Year = {2003}}


@inproceedings{Berg+2010:PU,
	Address = {Los Angeles, California},
	Author = {Berg-Kirkpatrick, Taylor and Bouchard-C\^{o}t\'{e}, Alexandre and DeNero, John and Klein, Dan},
	Booktitle = {Human Language Technologies: The 2010 Annual Conference of the North American Chapter of the Association for Computational Linguistics},
	Month = {June},
	Pages = {582--590},
	Publisher = {Association for Computational Linguistics},
	Title = {Painless Unsupervised Learning with Features},
	Year = {2010}}
