@inproceedings{RuizEtAl2016GRep,
  title={The generalized reparameterization gradient},
  author={Ruiz, Francisco R and AUEB, Michalis Titsias RC and Blei, David},
  booktitle={Advances in Neural Information Processing Systems},
  pages={460--468},
  year={2016}
}


@article{RobbinsEtAl1951SA,
	Author = {Herbert Robbins and Sutton Monro},
	Journal = {The Annals of Mathematical Statistics},
	Month = {September},
	Number = {3},
	Pages = {400--407},
	Title = {A Stochastic Approximation Method},
	Volume = {22},
	Year = {1951}}


@article{BaydinEtAl2015AD,
  title={Automatic differentiation in machine learning: a survey},
  author={Baydin, Atilim Gunes and Pearlmutter, Barak A and Radul, Alexey Andreyevich and Siskind, Jeffrey Mark},
  journal={arXiv preprint arXiv:1502.05767},
  year={2015}
}

@article{FortunatoEtAl2017BRNN,
  title={Bayesian Recurrent Neural Networks},
  author={Fortunato, Meire and Blundell, Charles and Vinyals, Oriol},
  journal={arXiv preprint arXiv:1704.02798},
  year={2017}
}

@article{BleiEtAl2017VI,
  title={Variational inference: A review for statisticians},
  author={Blei, David M and Kucukelbir, Alp and McAuliffe, Jon D},
  journal={Journal of the American Statistical Association},
  number={just-accepted},
  year={2017},
  publisher={Taylor \& Francis}
}

@inproceedings{RanganathEtAl2014BBVI,
  title={Black box variational inference},
  author={Ranganath, Rajesh and Gerrish, Sean and Blei, David},
  booktitle={Artificial Intelligence and Statistics},
  pages={814--822},
  year={2014}
}

@article{KucukelbirEtAl2016ADVI,
  title={Automatic differentiation variational inference},
  author={Kucukelbir, Alp and Tran, Dustin and Ranganath, Rajesh and Gelman, Andrew and Blei, David M},
  journal={arXiv preprint arXiv:1603.00788},
  year={2016}
}



@InProceedings{RushEtAl2015AS,
  author = 	"Rush, Alexander M.
		and Chopra, Sumit
		and Weston, Jason",
  title = 	"A Neural Attention Model for Abstractive Sentence Summarization",
  booktitle = 	"Proceedings of the 2015 Conference on Empirical Methods in Natural      Language Processing    ",
  year = 	"2015",
  publisher = 	"Association for Computational Linguistics",
  pages = 	"379--389",
  location = 	"Lisbon, Portugal",
  doi = 	"10.18653/v1/D15-1044",
  url = 	"http://aclanthology.coli.uni-saarland.de/pdf/D/D15/D15-1044.pdf"
}


@inproceedings{BahdanauEtAl2015NMT,
	Author = {Bahdanau, Dzmitry and Cho, Kyunghyun and Bengio, Yoshua},
	Booktitle = {{Proceedings of the International Conference on Learning Representations (ICLR)}},
	Date-Added = {2017-07-06 10:14:45 +0000},
	Date-Modified = {2017-07-06 10:14:53 +0000},
	Keywords = {nmt; attention; iclr},
	Location = {San Diego, CA},
	Title = {{Neural Machine Translation by Jointly Learning to Align and Translate}},
	Url = {http://arxiv.org/abs/1409.0473},
	Year = {2015},
	Bdsk-Url-1 = {http://arxiv.org/abs/1409.0473}}

@inproceedings{Kingma+2014:VAE,
	Author = {Diederik P. Kingma and Max Welling},
	Booktitle = {International Conference on Learning Representations},
	Title = {Auto-Encoding Variational Bayes},
	Year = {2014}}

@inproceedings{RezendeEtAl14VAE,
	Address = {Bejing, China},
	Author = {Danilo Jimenez Rezende and Shakir Mohamed and Daan Wierstra},
	Booktitle = {Proceedings of the 31st International Conference on Machine Learning},
	Editor = {Eric P. Xing and Tony Jebara},
	Month = {22--24 Jun},
	Number = {2},
	Pages = {1278--1286},
	Publisher = {PMLR},
	Series = {Proceedings of Machine Learning Research},
	Title = {Stochastic Backpropagation and Approximate Inference in Deep Generative Models},
	Volume = {32},
	Year = {2014}}

@inproceedings{BlundellEtAl2015BFFNN,
 author = {Blundell, Charles and Cornebise, Julien and Kavukcuoglu, Koray and Wierstra, Daan},
 title = {Weight Uncertainty in Neural Networks},
 booktitle = {Proceedings of the 32Nd International Conference on International Conference on Machine Learning - Volume 37},
 series = {ICML'15},
 year = {2015},
 location = {Lille, France},
 pages = {1613--1622},
 numpages = {10},
 url = {http://dl.acm.org/citation.cfm?id=3045118.3045290},
 acmid = {3045290},
 publisher = {JMLR.org},
} 

@inproceedings{BowmanEtAl2015SNLI,
	Author = {Bowman, Samuel R. and Angeli, Gabor and Potts, Christopher, and Manning, Christopher D.},
	Booktitle = {Proceedings of the 2015 Conference on Empirical Methods in Natural Language Processing (EMNLP)},
	Publisher = {Association for Computational Linguistics},
	Title = {A large annotated corpus for learning natural language inference},
	Year = {2015}
}

@article{WilliamsEtAl2017MNLI,
  author    = {Adina Williams and
               Nikita Nangia and
               Samuel R. Bowman},
  title     = {A Broad-Coverage Challenge Corpus for Sentence Understanding through
               Inference},
  journal   = {CoRR},
  volume    = {abs/1704.05426},
  year      = {2017}
}


@inproceedings{Dagan2005RTE,
 author = {Dagan, Ido and Glickman, Oren and Magnini, Bernardo},
 title = {The PASCAL Recognising Textual Entailment Challenge},
 booktitle = {Proceedings of the First International Conference on Machine Learning Challenges: Evaluating Predictive Uncertainty Visual Object Classification, and Recognizing Textual Entailment},
 series = {MLCW'05},
 year = {2006},
 isbn = {3-540-33427-0, 978-3-540-33427-9},
 location = {Southampton, UK},
 pages = {177--190},
 numpages = {14},
 publisher = {Springer-Verlag},
 address = {Berlin, Heidelberg},
} 

@inproceedings{GalEtAl2015Dropout,
Author = {Yarin Gal and Zoubin Ghahramani},
Title = {Dropout as a {B}ayesian approximation: Insights and Applications},
booktitle={Deep Learning Workshop, ICML},
Year = {2015}
}

@article{JordanEtAl1999VI,
	Author = {Jordan, MichaelI. and Ghahramani, Zoubin and Jaakkola, TommiS. and Saul, LawrenceK.},
	Journal = {Machine Learning},
	Number = {2},
	Pages = {183-233},
	Title = {An Introduction to Variational Methods for Graphical Models},
	Volume = {37},
	Year = {1999}}
    
@inproceedings{GalEtAl2016BRNN,
Author = {Yarin Gal and Zoubin Ghahramani},
Title = {A Theoretically Grounded Application of Dropout in Recurrent Neural Networks},
booktitle = {Advances in Neural Information Processing Systems 29 (NIPS)},
year = {2016}
}

