@inproceedings{TitsiasEtAl2014doubly,
  title={Doubly stochastic variational Bayes for non-conjugate inference},
  author={Titsias, Michalis and L{\'a}zaro-Gredilla, Miguel},
  booktitle={Proceedings of the 31st International Conference on Machine Learning (ICML-14)},
  pages={1971--1979},
  year={2014}
}

@InProceedings{LevyEtAl2014SE,
  author    = {Levy, Omer  and  Goldberg, Yoav},
  title     = {Dependency-Based Word Embeddings},
  booktitle = {Proceedings of the 52nd Annual Meeting of the Association for Computational Linguistics (Volume 2: Short Papers)},
  month     = {June},
  year      = {2014},
  address   = {Baltimore, Maryland},
  publisher = {Association for Computational Linguistics},
  pages     = {302--308},
  url       = {http://www.aclweb.org/anthology/P14-2050}
}

@article{MikolovEtAl2013efficient,
  title={Efficient estimation of word representations in vector space},
  author={Mikolov, Tomas and Chen, Kai and Corrado, Greg and Dean, Jeffrey},
  journal={arXiv preprint arXiv:1301.3781},
  year={2013}
}

@InProceedings{DiabEtAl2002WSD,
  author    = {Mona Diab  and  Philip Resnik},
  title     = {An Unsupervised Method for Word Sense Tagging using Parallel Corpora},
  booktitle = {Proceedings of 40th Annual Meeting of the Association for Computational Linguistics},
  month     = {July},
  year      = {2002},
  address   = {Philadelphia, Pennsylvania, USA},
  publisher = {Association for Computational Linguistics},
  pages     = {255--262},
  url       = {http://www.aclweb.org/anthology/P02-1033},
  doi       = {10.3115/1073083.1073126}
}

@InProceedings{VsusterEtAl2016MS,
  author    = {\v{S}uster, Simon  and  Titov, Ivan  and  van Noord, Gertjan},
  title     = {Bilingual Learning of Multi-sense Embeddings with Discrete Autoencoders},
  booktitle = {Proceedings of the 2016 Conference of the North American Chapter of the Association for Computational Linguistics: Human Language Technologies},
  month     = {June},
  year      = {2016},
  address   = {San Diego, California},
  publisher = {Association for Computational Linguistics},
  pages     = {1346--1356},
  url       = {http://www.aclweb.org/anthology/N16-1160}
}


@incollection{Mikolov+2013:DR,
	Author = {Mikolov, Tomas and Sutskever, Ilya and Chen, Kai and Corrado, Greg S and Dean, Jeff},
	Booktitle = {Advances in Neural Information Processing Systems 26},
	Date-Added = {2015-12-20 11:46:54 +0000},
	Date-Modified = {2015-12-20 11:46:54 +0000},
	Editor = {C.J.C. Burges and L. Bottou and M. Welling and Z. Ghahramani and K.Q. Weinberger},
	Pages = {3111--3119},
	Publisher = {Curran Associates, Inc.},
	Title = {Distributed Representations of Words and Phrases and their Compositionality},
	Url = {http://papers.nips.cc/paper/5021-distributed-representations-of-words-and-phrases-and-their-compositionality.pdf},
	Year = {2013}}

@article{Harris:1954,
	Author = {Zellig S. Harris},
	Date-Added = {2016-12-05 17:18:43 +0000},
	Date-Modified = {2016-12-05 17:19:47 +0000},
	Journal = {Word},
	Keywords = {semantics},
	Number = {23},
	Pages = {146--162},
	Title = {Distributional structure},
	Volume = {10},
	Year = {1954}}
	
@article{Firth:1957,
	Author = {J. R. Firth},
	Date-Added = {2016-12-05 17:20:47 +0000},
	Date-Modified = {2016-12-05 17:21:54 +0000},
	Journal = {Studies in Linguistic Analysis},
	Keywords = {semantics},
	Pages = {1--32},
	Title = {A synopsis of linguistic theory 1930-1955},
	Year = {1957}}

@article{CollobertEtAl2011NLP,
 author = {Collobert, Ronan and Weston, Jason and Bottou, L{\'e}on and Karlen, Michael and Kavukcuoglu, Koray and Kuksa, Pavel},
 title = {Natural Language Processing (Almost) from Scratch},
 journal = {J. Mach. Learn. Res.},
 issue_date = {2/1/2011},
 volume = {12},
 month = nov,
 year = {2011},
 issn = {1532-4435},
 pages = {2493--2537},
 numpages = {45},
 url = {http://dl.acm.org/citation.cfm?id=1953048.2078186},
 acmid = {2078186},
 publisher = {JMLR.org},
} 

@InProceedings{MarcheggianiEtAl2017CoNLL,
  author    = {Marcheggiani, Diego  and  Frolov, Anton  and  Titov, Ivan},
  title     = {A Simple and Accurate Syntax-Agnostic Neural Model for Dependency-based Semantic Role Labeling},
  booktitle = {Proceedings of the 21st Conference on Computational Natural Language Learning (CoNLL 2017)},
  month     = {August},
  year      = {2017},
  address   = {Vancouver, Canada},
  publisher = {Association for Computational Linguistics},
  pages     = {411--420},
  url       = {http://aclweb.org/anthology/K17-1041}
}


@InProceedings{TuEtAl2017RepL4NLP,
  author    = {Tu, Lifu  and  Gimpel, Kevin  and  Livescu, Karen},
  title     = {Learning to Embed Words in Context for Syntactic Tasks},
  booktitle = {Proceedings of the 2nd Workshop on Representation Learning for NLP},
  month     = {August},
  year      = {2017},
  address   = {Vancouver, Canada},
  publisher = {Association for Computational Linguistics},
  pages     = {265--275},
  url       = {http://www.aclweb.org/anthology/W17-2632}
}


@InProceedings{SocherEtAl2011SSEA,
  author    = {Socher, Richard  and  Pennington, Jeffrey  and  Huang, Eric H.  and  Ng, Andrew Y.  and  Manning, Christopher D.},
  title     = {Semi-Supervised Recursive Autoencoders for Predicting Sentiment Distributions},
  booktitle = {Proceedings of the 2011 Conference on Empirical Methods in Natural Language Processing},
  month     = {July},
  year      = {2011},
  address   = {Edinburgh, Scotland, UK.},
  publisher = {Association for Computational Linguistics},
  pages     = {151--161},
  url       = {http://www.aclweb.org/anthology/D11-1014}
}


@inproceedings{Kingma+2014:VAE,
	Author = {Diederik P. Kingma and Max Welling},
	Booktitle = {International Conference on Learning Representations},
	Title = {Auto-Encoding Variational Bayes},
	Year = {2014}}

@incollection{Kingma+2014:SSVAE,
	Author = {Kingma, Diederik P and Mohamed, Shakir and Jimenez Rezende, Danilo and Welling, Max},
	Booktitle = {Advances in Neural Information Processing Systems 27},
	Editor = {Z. Ghahramani and M. Welling and C. Cortes and N. D. Lawrence and K. Q. Weinberger},
	Pages = {3581--3589},
	Publisher = {Curran Associates, Inc.},
	Title = {Semi-supervised Learning with Deep Generative Models},
	Year = {2014}}


@inproceedings{Vogel+1996:HMMWA,
	Address = {Stroudsburg, PA, USA},
	Author = {Vogel, Stephan and Ney, Hermann and Tillmann, Christoph},
	Booktitle = {Proceedings of the 16th Conference on Computational Linguistics - Volume 2},
	Pages = {836--841},
	Publisher = {Association for Computational Linguistics},
	Series = {COLING '96},
	Title = {{HMM}-based Word Alignment in Statistical Translation},
	Year = {1996}}


@article{Jordan+1999:VI,
	Author = {Jordan, MichaelI. and Ghahramani, Zoubin and Jaakkola, TommiS. and Saul, LawrenceK.},
	Journal = {Machine Learning},
	Number = {2},
	Pages = {183-233},
	Title = {An Introduction to Variational Methods for Graphical Models},
	Volume = {37},
	Year = {1999}}

@article{Blei+2016:VI,
	Author = {Blei, D. M. and Kucukelbir, A. and McAuliffe, J. D.},
	Journal = {ArXiv e-prints},
	Month = jan,
	Title = {Variational Inference: A Review for Statisticians},
	Year = 2016}


@article{Hoffman+2013:SVI,
	Author = {Hoffman, Matthew D. and Blei, David M. and Wang, Chong and Paisley, John},
	Journal = {J. Mach. Learn. Res.},
	Month = may,
	Number = {1},
	Pages = {1303--1347},
	Title = {Stochastic Variational Inference},
	Volume = {14},
	Year = {2013}}


@inproceedings{Paisley+2012:VISS,
	Address = {New York, NY, USA},
	Author = {John Paisley and David Blei and Michael Jordan},
	Booktitle = {Proceedings of the 29th International Conference on Machine Learning (ICML-12)},
	Editor = {John Langford and Joelle Pineau},
	Month = {July},
	Pages = {1367--1374},
	Publisher = {Omnipress},
	Series = {ICML '12},
	Title = {Variational Bayesian Inference with Stochastic Search},
	Year = {2012}}


@article{Brown+1993:smt,
	Author = {Brown, Peter F. and Pietra, Vincent J. Della and Pietra, Stephen A. Della and Mercer, Robert L.},
	Journal = {Computational Linguistics},
	Month = jun,
	Number = {2},
	Pages = {263--311},
	Title = {The mathematics of statistical machine translation: parameter estimation},
	Volume = {19},
	Year = {1993}}
    

@book{Ross:2006:SIM,
	Address = {Orlando, FL, USA},
	Author = {Ross, Sheldon M.},
	Publisher = {Academic Press, Inc.},
	Title = {Simulation, Fourth Edition},
	Year = {2006}}
    
    
@InProceedings{BowmanEtAlNLI,
  author    = {Bowman, Samuel R.  and  Angeli, Gabor  and  Potts, Christopher  and  Manning, Christopher D.},
  title     = {A large annotated corpus for learning natural language inference},
  booktitle = {Proceedings of the 2015 Conference on Empirical Methods in Natural Language Processing},
  month     = {September},
  year      = {2015},
  address   = {Lisbon, Portugal},
  publisher = {Association for Computational Linguistics},
  pages     = {632--642},
  url       = {http://aclweb.org/anthology/D15-1075}
}

    
@inproceedings{Bowman+16:conll,
  author    = {Samuel R. Bowman and
               Luke Vilnis and
               Oriol Vinyals and
               Andrew M. Dai and
               Rafal J{\'{o}}zefowicz and
               Samy Bengio},
  title     = {Generating Sentences from a Continuous Space},
  booktitle = {Proceedings of the 20th {SIGNLL} Conference on Computational Natural
               Language Learning, CoNLL 2016, Berlin, Germany, August 11-12, 2016},
  pages     = {10--21},
  year      = {2016}
}


@inproceedings{zhou+17:acl,
    title = {Multi-space Variational Encoder-Decoders for Semi-supervised Labeled Sequence Transduction},
    author = {Chunting Zhou and Graham Neubig},
    booktitle = {The 55th Annual Meeting of the Association for Computational Linguistics (ACL)},
    address = {Vancouver, Canada},
    month = {July},
    year = {2017}
}


@inproceedings{Kocisky+14:vecibm2,
  author    = {Ko\v{c}isk\'{y}, Tom\'{a}\v{s} and Hermann, Karl Moritz and Blunsom, Phil},
  title     = {{Learning Bilingual Word Representations by Marginalizing Alignments}},
  booktitle = {Proceedings of ACL},
  year      = {2014},
  month     = jun
}

@article{McCarthy+2009:LST,
author="McCarthy, Diana
and Navigli, Roberto",
title="The English lexical substitution task",
journal="Language Resources and Evaluation",
year="2009",
volume="43",
number="2",
pages="139--159",
issn="1574-0218"
}

@inproceedings{Melamud+15:naacl,
  author    = {Oren Melamud and
               Omer Levy and
               Ido Dagan},
  title     = {A Simple Word Embedding Model for Lexical Substitution},
  booktitle = {Proceedings of the 1st Workshop on Vector Space Modeling for Natural
               Language Processing, VS@NAACL-HLT 2015, June 5, 2015, Denver, Colorado,
               {USA}},
  pages     = {1--7},
  year      = {2015}
}

@inproceedings{Melamud+16:context2vec,
  title={context2vec: Learning Generic Context Embedding with Bidirectional LSTM},
  author={Oren Melamud and Jacob Goldberger and Ido Dagan},
  booktitle={CoNLL},
  year={2016}
}

@inproceedings{Giuliano+07:lstbest,
  author    = {Claudio Giuliano and
               Alfio Gliozzo and
               Carlo Strapparava},
  title     = {FBK-irst: Lexical Substitution Task Exploiting Domain and Syntagmatic
               Coherence},
  booktitle = {Proceedings of the 4th International Workshop on Semantic Evaluations,
               SemEval@ACL 2007, Prague, Czech Republic, June 23-24, 2007},
  pages     = {145--148},
  year      = {2007}
}

@inproceedings{thater+11,
    author = {Thater, Stefan and F\"{u}rstenau, Hagen and Pinkal, Manfred},
    booktitle = {Proceedings of 5th International Joint Conference on Natural Language Processing},
    location = {Chiang Mai, Thailand},
    month = nov,
    pages = {1134--1143},
    publisher = {Asian Federation of Natural Language Processing},
    title = {{Word meaning in context: A simple and effective vector model}},
    year = {2011}
}

@inproceedings{Rezende+14:DGM,
  author    = {Danilo Jimenez Rezende and
               Shakir Mohamed and
               Daan Wierstra},
  title     = {Stochastic Backpropagation and Approximate Inference in Deep Generative
               Models},
  booktitle = {Proceedings of the 31th International Conference on Machine Learning,
               {ICML} 2014, Beijing, China, 21-26 June 2014},
  pages     = {1278--1286},
  year      = {2014}
}

@inproceedings{Bowman+16:GSVAE,
  author    = {Samuel R. Bowman and
               Luke Vilnis and
               Oriol Vinyals and
               Andrew M. Dai and
               Rafal J{\'{o}}zefowicz and
               Samy Bengio},
  title     = {Generating Sentences from a Continuous Space},
  booktitle = {Proceedings of the 20th {SIGNLL} Conference on Computational Natural
               Language Learning, CoNLL 2016, Berlin, Germany, August 11-12, 2016},
  pages     = {10--21},
  year      = {2016}
}

@article{Miao+16:LLVAE,
  author    = {Yishu Miao and
               Phil Blunsom},
  title     = {Language as a Latent Variable: Discrete Generative Models for Sentence
               Compression},
  journal   = {CoRR},
  volume    = {abs/1609.07317},
  year      = {2016}
}

@article{Kingma+14:adam,
  author    = {Diederik P. Kingma and
               Jimmy Ba},
  title     = {Adam: {A} Method for Stochastic Optimization},
  journal   = {CoRR},
  volume    = {abs/1412.6980},
  year      = {2014}
}

@inproceedings{Och+00:aer,
  author    = {Franz Josef Och and
               Hermann Ney},
  title     = {Improved Statistical Alignment Models},
  booktitle = {38th Annual Meeting of the Association for Computational Linguistics,
               Hong Kong, China, October 1-8, 2000.},
  year      = {2000}
}

@inproceedings{erk+08:syntcntx,
  author =  {Katrin Erk and Sebastian Pad\'o},
  title =    {A Structured Vector Space Model for Word Meaning in Context},
  booktitle = {Proceedings of EMNLP},
  year = {2008},
  address = {Honolulu, HI}
}


@article{Robbins+1951:SA,
	Author = {Herbert Robbins and Sutton Monro},
	Journal = {The Annals of Mathematical Statistics},
	Month = {September},
	Number = {3},
	Pages = {400--407},
	Title = {A Stochastic Approximation Method},
	Volume = {22},
	Year = {1951}}

@InProceedings{Schulz+2016:BIBM2Z,
    author    = {Schulz, Philip  and  Aziz, Wilker  and  Sima'an, Khalil},
    title     = {Word Alignment without NULL Words},
    booktitle = {Proceedings of the 54th Annual Meeting of the Association for Computational Linguistics (Volume 2: Short Papers)},
    month     = {August},
    year      = {2016},
    address   = {Berlin, Germany},
    publisher = {Association for Computational Linguistics},
    pages     = {169--174},
    url       = {http://anthology.aclweb.org/P16-2028}
}


@inproceedings{SerhiiEtAl2016EWD,
	Author = {Arthur Bra\v{z}inskas and Serhii Havrylov and Ivan Titov },
	Booktitle = {Bayesian Deep Learning NIPS 2016 Workshop},
	Date-Added = {2017-11-03 11:04:18 +0000},
	Date-Modified = {2017-11-03 11:05:45 +0000},
	Title = {Embedding Words as Distributions with a {B}ayesian Skip-gram Model },
	Year = {2016}}

@article{vilnis2014word,
  title={Word representations via gaussian embedding},
  author={Vilnis, Luke and McCallum, Andrew},
  journal={arXiv preprint arXiv:1412.6623},
  year={2014}
}

@article{BaydinEtAl2015AD,
  title={Automatic differentiation in machine learning: a survey},
  author={Baydin, Atilim Gunes and Pearlmutter, Barak A and Radul, Alexey Andreyevich and Siskind, Jeffrey Mark},
  journal={arXiv preprint arXiv:1502.05767},
  year={2015}
}